%bibliography
@BOOK{AN_hybrid,
	TITLE = {Hybrid Computation},
	AUTHOR = "George A. Bekey and Walter J. Karplus",
	PUBLISHER = "John Wiley \& Sons",
	ADDRESS="New York",
	YEAR = 1968 }
@BOOK{AN_analogDigital,
	TITLE = "Analog and Digital Computer Technology",
	AUTHOR = "Norman R. Scott",
	PUBLISHER = "McGraw-Hill Book Company",
	ADDRESS="New York",
	YEAR = 1960
	}
	
@BOOK{AN_onlineComp,
	TITLE = "On-line Computing",
	AUTHOR = "Walter J. Karplus",
	PUBLISHER = "McGraw-Hill Book Company",
	ADDRESS="New York",
	YEAR = 1967
	}

@BOOK{AN_hartree,
	AUTHOR = "Douglas R. Hartree",
	TITLE="Calculating Instruments and Machines",
	PUBLISHER="Illinois Press",
	ADDRESS = "Urbana",
	YEAR=1949,
	NOTE="Reprinted 1984 as combined volume with \cite{AN_hartree47}, Charles Babbage Institute Reprint Series for the
	History of Computing, Tomash Publishers, Los Angeles."
}
	
@BOOK{AN_hartree47,
	AUTHOR = "Douglas R. Hartree",
	TITLE="Calculating Machines",
	PUBLISHER="Cambridge University Press",
	ADDRESS = "Cambridge",
	YEAR=1947,
	NOTE="Reprinted 1984 as combined volume with \cite{AN_hartree}, Charles Babbage Institute Reprint Series for the
	History of Computing, Tomash Publishers, Los Angeles."
}
	
